@book{Wettl04,
  author    = {Ferenc Wettl and Gyula Mayer and Péter Szabó},
  publisher = {Panem Könyvkiadó},
  title     = {\LaTeX~kézikönyv},
  year      = {2004}
}

@article{Candy86,
  author       = {James C. Candy},
  journaltitle = {{IEEE} Trans.\ on Communications},
  month        = {01},
  note         = {\doi{10.1109/TCOM.1986.1096432}},
  number       = {1},
  pages        = {72--76},
  title        = {Decimation for Sigma Delta Modulation},
  volume       = {34},
  year         = {1986}
}

@thesis{KissPhD,
  author      = {Peter Kiss},
  institution = {Technical University of Timi\c{s}oara, Romania},
  month       = {04},
  title       = {Adaptive Digital Compensation of Analog Circuit Imperfections for Cascaded Delta-Sigma Analog-to-Digital Converters},
  type        = {phdthesis},
  year        = {2000}
}

@manual{Schreier00,
  author       = {Richard Schreier},
  month        = {01},
  note         = {\url{http://www.mathworks.com/matlabcentral/fileexchange/}},
  organization = {Oregon State University},
  title        = {The Delta-Sigma Toolbox v5.2},
  year         = {2000}
}

@report{StreamingHistory,
  author      = {Servers.com},
  institution = {Servers.com},
  note        = {\url{https://www.servers.com/docs/whitepaper/history_of_streaming_told_through_protocols.pdf}},
  title       = {The history of streaming told through protocols},
  type        = {techreport},
  year        = {2023}
}

@inproceedings{inproceedings,
  author  = {Stockhammer, Thomas},
  year    = {2011},
  month   = {02},
  pages   = {133-144},
  title   = {Dynamic adaptive streaming over HTTP: Standards and design principles},
  journal = {IEEE International Conference on Multimedia Systems},
  doi     = {10.1145/1943552.1943572},
  note    = {\url{https://dl.acm.org/doi/10.1145/1943552.1943572}}
}
